@misc{nasa_confidence,
    title = {FIRMS Frequently Asked Questions | Earthdata},
    author = {{Earth Science Data Systems}},
    year = {2023},
    howpublished = {\url{https://www.earthdata.nasa.gov/faq/firms-faq#ed-confidence}},
    note = {Accessed 12 Nov. 2023}
}

@book{GRM_chp3,
    title = {Generalised Regression Models, Semester 1, 2023–2024},
    author = {Worton, B.},
    year = {2023},
    publisher = {University of Edinburgh},
    chapter = {3}
}

@book{Brockwell2016Introduction,
  title={Introduction to Time Series and Forecasting},
  author={Brockwell, Peter J. and Davis, Richard A.},
  year={2016},
  publisher={Springer},
  isbn={9783319298528},
  note = {Accessed 13 Nov. 2023}
}

@article{fakedata,
    title = {Who Was Deborah Kallikak?},
    author = {Smith, J.D. and Wehmeyer, M.L.},
    year = {2012},
    journal = {Intellectual and Developmental Disabilities},
    volume = {50},
    number = {2},
    pages = {169–178},
    doi = {10.1352/1934-9556-50.2.169}
}

@misc{eugenics,
    title = {Where science meets fiction: the dark history of eugenics},
    author = {Rutherford, A.},
    year = {2022},
    howpublished = {\url{https://www.theguardian.com/science/2022/jun/19/where-science-meets-fiction-the-dark-history-of-eugenics}},
    note = {Accessed 9 Nov. 2023}
}

@misc{worth,
    title = {\$500,000 in 1937 is How Much Today?},
    author = {},
    year = {n.d.},
    howpublished = {\url{https://www.calculateme.com/inflation/500000-dollars/from-1937/to-now}},
    note = {Accessed 9 Nov. 2023}
}

@misc{bbcdatavis,
    title = {Five charts that changed the world - BBC Ideas},
    author = {Proctor, A.},
    year = {2023},
    howpublished = {\url{https://www.bbc.co.uk/ideas/videos/five-charts-that-changed-the-world/p0fb69c1}},
    note = {Accessed 20 Oct. 2023}
}

@misc{blog,
    title = {Warming stripes | Climate Lab Book},
    author = {Hawkins, E.},
    year = {n.d.},
    howpublished = {\url{https://www.climate-lab-book.ac.uk/warming-stripes/}},
    note = {Accessed 9 Nov. 2023}
}

@misc{graphFN,
    title = {Diagram of the Causes of Mortality in the Army in the East},
    author = {Nightingale,F.},
    year = {1859},
    howpublished = {\url{https://www.davidrumsey.com/luna/servlet/detail/RUMSEY~8~1~327826~90096398:Diagram-of-the-Causes-of-Mortality-;JSESSIONID=802dd785-32fc-4b43-a53d-72ed57e15cc8?qvq=q%3Aauthor%3D%22Nightingale%2C%20Florence%22%3Blc%3ARUMSEY%7E8%7E1&mi=1&trs=10}},
    note = {Accessed 20 Oct. 2023}
}

@misc{ktree,
    title = {The Kallikak Family – Historical Influences, Current Controversies, Teaching Resources},
    author = {Dakwa, K.},
    year = {2001},
    howpublished = {\url{https://intelltheory.com/intelli/the-kallikak-family/}},
    note = {Accessed 9 Nov. 2023}
}

@misc{lie,
    title = {Incomplete Data Analysis},
    author = {de Carvahol, M.},
    year = {2023},
    howpublished = {University of Edinburgh, Lecture 2, 9-10}
}

@book{healy2018data,
  title={Data visualization: a practical introduction},
  author={Healy, Kieran},
  year={2018},
  publisher={Princeton University Press}
}

@article{rosli2015gestalt,
  title={Gestalt principles in multimodal data representation},
  author={Rosli, Muhammad Hafiz Wan and Cabrera, Andres},
  journal={IEEE computer graphics and applications},
  volume={35},
  number={2},
  pages={80--87},
  year={2015},
  publisher={IEEE}
}

@article{todorovic2008gestalt,
  title={Gestalt principles},
  author={Todorovic, Dejan},
  journal={Scholarpedia},
  volume={3},
  number={12},
  pages={5345},
  year={2008}
}

@article{dastani2002role,
  title={The role of visual perception in data visualization},
  author={Dastani, Mehdi},
  journal={Journal of Visual Languages \& Computing},
  volume={13},
  number={6},
  pages={601--622},
  year={2002},
  publisher={Elsevier}
}

@book{tufte2001visual,
  title={The visual display of quantitative information},
  author={Tufte, Edward R},
  volume={2},
  year={2001},
  publisher={Graphics press Cheshire, CT}
}

@article{forest,
  title={Deforestation-Induced Fragmentation Increases Forest Fire Occurrence in Central Brazilian Amazonia},
  author={Celso Silva et. al.},
  journal={Forest},
  volume={9},
  number={6},
  pages={305},
  year={2018},
  publisher={MDPI}
}

%\begin{comment}

%\begin{thebibliography}{100} % This is the reference section for citing resources.
%\bibitem{nasa_confidence}
%Earth Science Data Systems. 2023. \textit{FIRMS Frequently Asked Questions | Earthdata}. Available at: https://www.earthdata.nasa.gov/faq/firms-faq#ed-confidence [Accessed 12 Nov. 2023].
%
%\bibitem{GRM_chp3}
%Worton, B. 2023. \textit{Generalised Regression Models, Semester 1, 2023–2024}. University of Edinburgh. Chp. 3.
%
%\bibitem{fakedata}
%Smith, J.D., Wehmeyer, M.L. 2012. \textit{Who Was Deborah Kallikak?} Intellectual and Developmental Disabilities, 50(2), pp.169–178. doi:https://doi.org/10.1352/1934-9556-50.2.169.
%
%\bibitem{eugenics}
%Rutherford, A. 2022. \textit{Where science meets fiction: the dark history of eugenics}. The Guardian. Available at: https://www.theguardian.com/science/2022/jun/19/where-science-meets-fiction-the-dark-history-of-eugenics.
%
%\bibitem{worth}
%www.calculateme.com. n.d. \textit{$500,000 in 1937 is How Much Today?} [online] Available at: https://www.calculateme.com/inflation/500000-dollars/from-1937/to-now [Accessed 9 Nov. 2023].
%
%\bibitem{bbcdatavis}
%Proctor, A. 2023. \textit{Five charts that changed the world - BBC Ideas}. [online] Available at: https://www.bbc.co.uk/ideas/videos/five-charts-that-changed-the-world/p0fb69c1 [Accessed 20 Oct. 2023].
%
%\bibitem{blog}
%Hawkins, E. n.d. \textit{Warming stripes | Climate Lab Book}. [online] Available at: https://www.climate-lab-book.ac.uk/warming-stripes/ [Accessed 9 Nov. 2023].
%
%\bibitem{graphFN}
%Nightingale,F. 1859. \textit{Diagram of the Causes of Mortality in the Army in the East}. [online] David Rumsey Historical Map Collection. Available at: https://www.davidrumsey.com/luna/servlet/detail/RUMSEY~8~1~327826~90096398:Diagram-of-the-Causes-of-Mortality-;JSESSIONID=802dd785-32fc-4b43-a53d-72ed57e15cc8?qvq=q%3Aauthor%3D%22Nightingale%2C%20Florence%22%3Blc%3ARUMSEY%7E8%7E1&mi=1&trs=10 [Accessed 20 Oct. 2023].
%
%\bibitem{ktree}
%Dakwa, K. 2001. \textit{The Kallikak Family – Historical Influences, Current Controversies, Teaching Resources}. [online] Available at: https://intelltheory.com/intelli/the-kallikak-family/ [Accessed 9 Nov. 2023].
%
%\bibitem{lie}
%de Carvahol, M. 2023. \textit{Incomplete Data Analysis}. University of Edinburgh. Lecture 2, 9-10.
%\end{thebibliography} 
%
%\printbibliography % This command prints the cited references.

%\end{comment}







